<record><leader>00000cas a2200000 a 4500</leader><controlfield tag="001">13827512</controlfield><controlfield tag="008">860707c19739999fludn ne      0   a0eng c</controlfield><datafield ind1=" " ind2=" " tag="010"><subfield code="a">sn 86010448 </subfield></datafield><datafield ind1=" " ind2=" " tag="040"><subfield code="a">NSD</subfield><subfield code="b">eng</subfield><subfield code="c">NSD</subfield><subfield code="d">FUG</subfield><subfield code="d">NYS</subfield><subfield code="d">OCLCQ</subfield><subfield code="d">OCLCF</subfield><subfield code="d">OCLCO</subfield></datafield><datafield ind1=" " ind2=" " tag="012"><subfield code="i">9607</subfield><subfield code="l">1</subfield></datafield><datafield ind1="1" ind2=" " tag="022"><subfield code="a">0889-2423</subfield><subfield code="l">0889-2423</subfield><subfield code="2">1</subfield></datafield><datafield ind1="1" ind2=" " tag="029"><subfield code="a">AU@</subfield><subfield code="b">000021487591</subfield></datafield><datafield ind1=" " ind2=" " tag="037"><subfield code="b">The Independent Florida Alligator, PO Box 14257, Gainesville, FL 32604</subfield></datafield><datafield ind1=" " ind2=" " tag="042"><subfield code="a">nsdp</subfield><subfield code="a">pcc</subfield></datafield><datafield ind1=" " ind2=" " tag="043"><subfield code="a">n-us-fl</subfield></datafield><datafield ind1=" " ind2="4" tag="222"><subfield code="a">The Independent Florida alligator</subfield></datafield><datafield ind1="0" ind2="4" tag="245"><subfield code="a">The Independent Florida alligator.</subfield></datafield><datafield ind1="3" ind2="0" tag="246"><subfield code="a">Florida allgator</subfield></datafield><datafield ind1="3" ind2="0" tag="246"><subfield code="a">Alligator</subfield></datafield><datafield ind1="1" ind2="3" tag="246"><subfield code="a">University digest</subfield><subfield code="f">1973-1991</subfield></datafield><datafield ind1="1" ind2="3" tag="246"><subfield code="a">University of Florida digest</subfield><subfield code="f">1992-&lt;1997&gt;</subfield></datafield><datafield ind1=" " ind2=" " tag="260"><subfield code="a">Gainesville, Fla. :</subfield><subfield code="b">Campus Communications, Inc.,</subfield><subfield code="c">1973-</subfield></datafield><datafield ind1=" " ind2=" " tag="300"><subfield code="a">v. :</subfield><subfield code="b">ill. (some col.) ;</subfield><subfield code="c">36 cm.</subfield></datafield><datafield ind1=" " ind2=" " tag="310"><subfield code="a">Daily (except Saturdays, Sundays, holidays and exam periods, Aug.-Apr.); semiweekly (May-July)</subfield></datafield><datafield ind1="0" ind2=" " tag="362"><subfield code="a">Vol. 65, no. 75 (Feb. 1, 1973)-</subfield></datafield><datafield ind1=" " ind2=" " tag="500"><subfield code="a">"Not officially associated with the University of Florida."</subfield></datafield><datafield ind1=" " ind2=" " tag="530"><subfield code="a">Also available on microfilm from the University of Florida.</subfield></datafield><datafield ind1=" " ind2=" " tag="530"><subfield code="a">Online ed. available via the World Wide Web.</subfield></datafield><datafield ind1="2" ind2="0" tag="610"><subfield code="a">University of Florida</subfield><subfield code="x">Students.</subfield></datafield><datafield ind1=" " ind2="0" tag="651"><subfield code="a">Gainesville (Fla.)</subfield><subfield code="v">Newspapers.</subfield></datafield><datafield ind1=" " ind2="0" tag="651"><subfield code="a">Alachua County (Fla.)</subfield><subfield code="v">Newspapers.</subfield></datafield><datafield ind1=" " ind2="7" tag="655"><subfield code="a">Newspapers.</subfield><subfield code="2">fast</subfield><subfield code="0">(OCoLC)fst01423814</subfield></datafield><datafield ind1="2" ind2="7" tag="610"><subfield code="a">University of Florida.</subfield><subfield code="2">fast</subfield><subfield code="0">(OCoLC)fst00532963</subfield></datafield><datafield ind1=" " ind2="7" tag="650"><subfield code="a">Students.</subfield><subfield code="2">fast</subfield><subfield code="0">(OCoLC)fst01136041</subfield></datafield><datafield ind1=" " ind2="7" tag="651"><subfield code="a">Florida</subfield><subfield code="z">Alachua County.</subfield><subfield code="2">fast</subfield><subfield code="0">(OCoLC)fst01214687</subfield></datafield><datafield ind1=" " ind2="7" tag="651"><subfield code="a">Florida</subfield><subfield code="z">Gainesville.</subfield><subfield code="2">fast</subfield><subfield code="0">(OCoLC)fst01207243</subfield></datafield><datafield ind1=" " ind2=" " tag="752"><subfield code="a">United States</subfield><subfield code="b">Florida</subfield><subfield code="c">Alachua</subfield><subfield code="d">Gainesville.</subfield></datafield><datafield ind1="1" ind2=" " tag="776"><subfield code="c">Microfilm</subfield><subfield code="d">George A. Smathers Libraries, University of Florida</subfield><subfield code="w">(DLC)sn 96027623</subfield><subfield code="w">(OCoLC)35209600</subfield></datafield><datafield ind1="1" ind2=" " tag="776"><subfield code="t">Independent Florida alligator (Online)</subfield><subfield code="w">(DLC)sn 96027058</subfield><subfield code="w">(OCoLC)34786760</subfield></datafield><datafield ind1="1" ind2=" " tag="776"><subfield code="t">Alligator online</subfield><subfield code="w">(DLC)sn 97027667</subfield><subfield code="w">(OCoLC)36278119</subfield></datafield><datafield ind1="0" ind2="0" tag="780"><subfield code="t">Florida alligator</subfield><subfield code="w">(DLC)sn 96027439</subfield><subfield code="w">(OCoLC)1410246</subfield></datafield><datafield ind1=" " ind2=" " tag="850"><subfield code="a">FU</subfield></datafield><datafield ind1="7" ind2=" " tag="856"><subfield code="3">Alligator online:</subfield><subfield code="u">http://www.alligator.org/</subfield><subfield code="2">http</subfield></datafield><datafield ind1="7" ind2=" " tag="856"><subfield code="3">University of Florida digest:</subfield><subfield code="u">http://www.ufcn.aa.ufl.edu/UFCN/digest1/digest.html</subfield><subfield code="2">http</subfield></datafield><datafield ind1=" " ind2=" " tag="936"><subfield code="a">Vol. 95, no. 117 (Mar. 19, 2002) LIC</subfield></datafield></record>